<record><leader>00000cas a22000007a 4500</leader><controlfield tag="001">13510582</controlfield><controlfield tag="008">860430d194u1943aluwr ne      0    0eng d</controlfield><datafield ind1=" " ind2=" " tag="010"><subfield code="a">sn 86050177 </subfield></datafield><datafield ind1=" " ind2=" " tag="040"><subfield code="a">AAR</subfield><subfield code="b">eng</subfield><subfield code="c">AAR</subfield><subfield code="d">CPN</subfield><subfield code="d">OCLCQ</subfield></datafield><datafield ind1=" " ind2=" " tag="042"><subfield code="a">msc</subfield></datafield><datafield ind1="0" ind2="4" tag="245"><subfield code="a">The Guntersville gleam and Marshall County record.</subfield></datafield><datafield ind1="3" ind2="0" tag="246"><subfield code="a">Guntersville gleam</subfield></datafield><datafield ind1=" " ind2=" " tag="260"><subfield code="a">Guntersville, Ala. :</subfield><subfield code="b">Porter Harvey</subfield></datafield><datafield ind1=" " ind2=" " tag="300"><subfield code="a">v. :</subfield><subfield code="b">ill. ;</subfield><subfield code="c">55 cm.</subfield></datafield><datafield ind1=" " ind2=" " tag="310"><subfield code="a">Weekly</subfield></datafield><datafield ind1="0" ind2=" " tag="362"><subfield code="a">-v. 2, no. 42 (Jan. 21, 1943).</subfield></datafield><datafield ind1=" " ind2=" " tag="500"><subfield code="a">Published as: The Guntersville gleam, &lt;-July 24, 1941&gt;.</subfield></datafield><datafield ind1=" " ind2=" " tag="588"><subfield code="a">Description based on: Vol. 1, no. 8 (June 19, 1941).</subfield></datafield><datafield ind1=" " ind2=" " tag="752"><subfield code="a">United States</subfield><subfield code="b">Alabama</subfield><subfield code="c">Marshall</subfield><subfield code="d">Guntersville.</subfield></datafield><datafield ind1="0" ind2="5" tag="780"><subfield code="t">Marshall County record</subfield><subfield code="w">(DLC)sn 88050146</subfield></datafield><datafield ind1="0" ind2="0" tag="785"><subfield code="t">Guntersville gleam</subfield><subfield code="w">(DLC)sn 86050178</subfield></datafield><datafield ind1="1" ind2=" " tag="029"><subfield code="a">AU@</subfield><subfield code="b">000025839680</subfield></datafield></record>